@Misc{Cs,
author = "Spectrum Techniques",
title = "Cesium 137 Source Information",
URL="http://www.spectrumtechniques.com/products/sources/cesium-137/"
}
@Misc{Knoll,
author = "Knoll, Glenn F.",
title = "Radiation detection and Measurement",
}